<record><leader>00000cas a2200000Ma 4500</leader><controlfield tag="001">950918361</controlfield><controlfield tag="008">840619d182918uumauwr ne      0    0eng d</controlfield><datafield ind1=" " ind2=" " tag="010"><subfield code="a">sn 84023395 </subfield></datafield><datafield ind1=" " ind2=" " tag="040"><subfield code="a">AQM</subfield><subfield code="b">eng</subfield><subfield code="c">AQM</subfield><subfield code="d">OCLCO</subfield><subfield code="d">OCLCF</subfield></datafield><datafield ind1="0" ind2="0" tag="245"><subfield code="a">Old countryman: and Irish, Scotch, English and colonial mirror.</subfield></datafield><datafield ind1=" " ind2=" " tag="260"><subfield code="a">Boston, Mass. :</subfield><subfield code="b">Edgar W. Davies,</subfield></datafield><datafield ind1=" " ind2=" " tag="300"><subfield code="a">v. ;</subfield><subfield code="c">56 cm.</subfield></datafield><datafield ind1=" " ind2=" " tag="310"><subfield code="a">Weekly</subfield></datafield><datafield ind1="1" ind2=" " tag="362"><subfield code="a">Began with Oct. 10, 1829 issue.</subfield><subfield code="z">Cf. Amer. newspapers, 1821-1936.</subfield></datafield><datafield ind1=" " ind2=" " tag="588"><subfield code="a">Description based on: Vol. 1, no. 13 (Dec. 31, 1829).</subfield></datafield><datafield ind1=" " ind2=" " tag="500"><subfield code="a">Editors: H.J. Pickering, &lt;1829&gt;.</subfield></datafield><datafield ind1=" " ind2="0" tag="650"><subfield code="a">Scottish Americans</subfield><subfield code="v">Newspapers.</subfield></datafield><datafield ind1=" " ind2="0" tag="650"><subfield code="a">Irish Americans</subfield><subfield code="v">Newspapers.</subfield></datafield><datafield ind1=" " ind2="0" tag="650"><subfield code="a">British Americans</subfield><subfield code="v">Newspapers.</subfield></datafield><datafield ind1=" " ind2="7" tag="655"><subfield code="a">Ethnic newspapers.</subfield><subfield code="2">local</subfield></datafield><datafield ind1=" " ind2="7" tag="655"><subfield code="a">Newspapers.</subfield><subfield code="2">fast</subfield><subfield code="0">(OCoLC)fst01423814</subfield></datafield><datafield ind1=" " ind2="7" tag="650"><subfield code="a">British Americans.</subfield><subfield code="2">fast</subfield><subfield code="0">(OCoLC)fst00839069</subfield></datafield><datafield ind1=" " ind2="7" tag="650"><subfield code="a">Irish Americans.</subfield><subfield code="2">fast</subfield><subfield code="0">(OCoLC)fst00978933</subfield></datafield><datafield ind1=" " ind2="7" tag="650"><subfield code="a">Scottish Americans.</subfield><subfield code="2">fast</subfield><subfield code="0">(OCoLC)fst01109175</subfield></datafield><datafield ind1="1" ind2=" " tag="700"><subfield code="a">Pickering, H. J.</subfield><subfield code="q">(Henry J.),</subfield><subfield code="e">editor.</subfield></datafield><datafield ind1="1" ind2=" " tag="700"><subfield code="a">Davies, Edgar W.,</subfield><subfield code="e">publisher.</subfield></datafield><datafield ind1=" " ind2=" " tag="752"><subfield code="a">United States</subfield><subfield code="b">Massachusetts</subfield><subfield code="c">Suffolk</subfield><subfield code="d">Boston.</subfield></datafield><datafield ind1="0" ind2="0" tag="785"><subfield code="t">Old countryman: and Scotch, Irish and colonial mirror</subfield></datafield><datafield ind1="4" ind2="1" tag="856"><subfield code="u">http://gigi.mwa.org/netpub/server.np?quickfind=3338&amp;sorton=filename&amp;catalog=catalog&amp;site=public&amp;template=results.np</subfield><subfield code="z">December 31, 1829 issue available here</subfield></datafield></record>